@inproceedings{vaswani2017attention,
  title={Attention is all you need},
  author={Vaswani, Ashish and Shazeer, Noam and Parmar, Niki and Uszkoreit, Jakob and Jones, Llion and Gomez, Aidan N and Kaiser, {\L}ukasz and Polosukhin, Illia},
  booktitle={Advances in neural information processing systems 30 (NIPS 2017)},
  pages={5998--6008},
  year={2017},
  url={https://proceedings.neurips.cc/paper/2017/file/3f5ee243547dee91fbd053c1c4a845aa-Paper.pdf}
}

@book{marcus2001algebraic,
  title={The algebraic mind: Integrating connectionism and cognitive science},
  author={Marcus, Gary F},
  year={2001},
  publisher={The MIT Press},
  address={Cambridge, MA}
}