@online{marcus_black_box,
  author  = {Marcus, Gary F.},
  title   = {Generative AI's crippling and widespread failure to induce robust models of the world},
  year    = {2025},
  month   = {6},
  day     = {28},
  url     = {https://garymarcus.substack.com/p/generative-ais-crippling-and-widespread},
  urldate = {2025-08-07},
}

@online{marcus_knockout_blow,
  author  = {Marcus, Gary F.},
  title   = {A knockout blow for LLMs?},
  year    = {2025},
  month   = {6},
  day     = {08},
  url     = {https://garymarcus.substack.com/p/a-knockout-blow-for-llms},
  urldate = {2025-08-07},
}

@online{marcus_alphageometry,
  author  = {Marcus, Gary F.},
  title   = {AlphaProof, AlphaGeometry, ChatGPT, and why the future of AI is neurosymbolic},
  year    = {2024},
  month   = {7},
  day     = {28},
  url     = {https://garymarcus.substack.com/p/alphaproof-alphageometry-chatgpt},
  urldate = {2025-08-07},
}

@book{marcus_algebraic_mind,
  author    = {Marcus, Gary F.},
  title     = {The Algebraic Mind: Integrating Connectionism and Cognitive Science},
  publisher = {The MIT Press},
  year      = {2001},
  address   = {Cambridge, MA}
}

@misc{illusion-of-thinking,
  title = {The Illusion of Thinking: Understanding the Strengths and Limitations of Reasoning Models via the Lens of Problem Complexity},
  author = {Parshin Shojaee*â€  and Iman Mirzadeh* and Keivan Alizadeh and Maxwell Horton and Samy Bengio and Mehrdad Farajtabar},
  year = {2025},
  URL = {https://ml-site.cdn-apple.com/papers/the-illusion-of-thinking.pdf}
}

@article{Trinh2024,
  author    = {Trinh, Trieu H. and Wu, Yuhuai and Le, Quoc V. and He, He and Luong, Thang},
  title     = {Solving olympiad geometry without human demonstrations},
  journal   = {Nature},
  year      = {2024},
  volume    = {625},
  number    = {7995},
  pages     = {476--482},
  doi       = {10.1038/s41586-023-06747-5},
  url       = {https://doi.org/10.1038/s41586-023-06747-5},
  issn      = {1476-4687}
}